% This file was created with JabRef 2.7.2.
% Encoding: UTF-8

@BOOK{blankStraight,
  title = {Straight: The Surprisingly Short History of Heterosexuality},
  publisher = {Beacon Press},
  year = {2012},
  author = {Blank, Hanne},
  edition = {Kindle Edition},
  owner = {makyo},
  timestamp = {2012.03.24}
}

@MISC{chandlerSemiotics,
  author = {Chandler, Daniel},
  title = {Semiotics for Beginners},
  howpublished = {\url{http://www.aber.ac.uk/media/Documents/S4B/sem05.html}},
  owner = {makyo},
  timestamp = {2012.03.24},
  url = {http://www.aber.ac.uk/media/Documents/S4B/sem05.html}
}

@MISC{chandlerWriting,
  author = {Chandler, Daniel},
  title = {The Act of Writing},
  howpublished = {\url{http://www.aber.ac.uk/media/Documents/act/act.html}},
  owner = {makyo},
  timestamp = {2012.05.20},
  url = {http://www.aber.ac.uk/media/Documents/act/act.html}
}

@MISC{chandlerGenre,
  author = {Chandler, Daniel},
  title = {An Introduction to Genre Theory},
  howpublished = {\url{http://www.aber.ac.uk/media/Documents/intgenre/intgenre1.html}},
  month = {May},
  year = {2000},
  owner = {makyo},
  timestamp = {2012.05.20},
  url = {http://www.aber.ac.uk/media/Documents/intgenre/intgenre1.html}
}

@UNPUBLISHED{geddesHistory,
  author = {Geddes, M.},
  title = {The History of the Furry Fandom, Pt. 1},
  note = {In private communication},
  owner = {makyo},
  timestamp = {2012.05.20}
}

@ARTICLE{gerbasiFurries,
  author = {Gerbasi, Kathleen C. and Paolone, Nicholas and Higner, Justin and
	Scaletta, Laura L. and Bernstein, Penny L. and Conway, Samuel and
	Privitera, Adam},
  title = {Furries from A to Z (Anthropomorphism to Zoomorphism},
  journal = {Society and Animals},
  year = {2008},
  volume = {16},
  pages = {197-222},
  owner = {makyo},
  timestamp = {2012.03.24},
  url = {http://www.animalsandsociety.org/assets/library/770_s1.pdf}
}

@ARTICLE{lotmanSemiosphere,
  author = {Lotman, Yuri M. and Clark, Wilma (trans)},
  title = {On the Semiosphere},
  journal = {Sign Systems Studies},
  year = {1984},
  volume = {17},
  pages = {5-23},
  owner = {makyo},
  timestamp = {2012.05.20}
}

@MISC{munroeUmwelt,
  author = {Munroe, Randall},
  title = {Umwelt},
  howpublished = {\url{http://xkcd.com/1037/}},
  owner = {makyo},
  timestamp = {2012.05.20},
  url = {http://xkcd.com/1037/}
}

@MISC{adjspecies,
  author = {Scott, Matthew and JM and Osaki, Alex},
  title = {[adjective][species]},
  howpublished = {\url{http://adjectivespecies.com}},
  owner = {makyo},
  timestamp = {2012.03.24},
  url = {http://adjectivespecies.com}
}

@MISC{zikLexicon,
  author = {Zik},
  title = {A Furry Lexicon},
  howpublished = {\url{http://pastebin.com/GR7MqsnJ}},
  owner = {makyo},
  timestamp = {2012.05.20},
  url = {http://pastebin.com/GR7MqsnJ}
}

@comment{jabref-meta: selector_review:}

@comment{jabref-meta: selector_publisher:}

@comment{jabref-meta: selector_author:}

@comment{jabref-meta: selector_journal:}

@comment{jabref-meta: selector_keywords:}

