@book{pollack97,
	author = "Pollack, Rachel",
	title = "Seventy-Eight Degrees of Wisdom",
	year = "1997",
	publisher = "{HarperCollinsPublishers}"
}

@book{tnewvision,
	author = "Berti, Giordano and Gonard, Tiberio and Cestaro, Raul and Cestaro, Gianluca",
	title = "Tarot of the New Vision",
	year = "2005",
	publisher = "Lo Scarabeo"
}

@misc{tarotRWS,
	author = "Smith, Pamela Colman and Waite, Arthur Edward and Hanson-Roberts, Mary",
	title = "{Universal Waite Tarot Deck}",
	year = "2004",
	publisher = "U.S. Games Systems, Inc."
}

@misc{tarotThoth,
	author = "Crowley, Aleister and Harris, Lady Frieda",
	title = "Thoth Tarot Deck",
	year = "1983",
	publisher = "U.S. Games Systems, Inc."
}

@misc{tarotAquarian,
	author = "Palladini, David",
	title = "Aquarian Tarot",
	year = "1970",
	publisher = "U.S. Games Systems, Inc."
}

@misc{tarotNewVision,
	author = "Alligo, Pietro and Cestaro, Raul and Cestaro, Gianluca",
	title = "Tarot of the New Vision",
	year = "2003",
	publisher = "Lo Scarabeo"
}

@misc{tarotArtNouveau,
	author = "Castelli, Antonella",
	title = "Tarot Art Nouveau",
	year = "2002",
	publisher = "Lo Scarabeo"
}

@misc{tarotAnimals,
	author = "Giannini, Angelo",
	title = "Tarot of the Animal Lords",
	year = "2003",
	publisher = "Lo Scarabeo"
}

@book{cooper97,
	author = "Cooper, David A.",
	title = "God is a Verb: Kabbalah and the practice of mystical judaism",
	year = "1997",
	publisher = "Penguin Putnam, Inc."
}

@book{religionguide,
	author = "Eliade, Mircea and Couliano, Ioan P. and Wiesner, Hillary S.",
	title = "The HarperCollins Concise Guide to World Religions",
	year = "1991",
	publisher = "{HarperCollins}"
}

@book{principia1,
	author = "{Malaclypse the Younger}",
	title = "Principia Discorda",
	year = "1991",
	publisher = "IllumiNet Press"
}

@book{principia2,
	author = "{Malaclypse the Younger}",
	title = "Principia Discordia",
	year = "unknown",
	publisher = "Loompanics Unlimited"
}

@book{bgita,
	editor = "Bhaktivedanta, A. C., Swami Prabhupada",
	title = "Bhagavad-gita As It Is",
	year = "1989",
	publisher = "Bhaktivedanta Book Trust International, Inc."
}

@book{ramayana,
	author = "Valmiki",
	title = "The Ramayana",
	year = "1996",
	publisher = "Penguin Books"
}

@book{subgenius,
	author = "Dobbs, J. R. ``Bob''",
	title = "The Book of the Subgenius",
	year = "1987",
	publisher = "Simon \& Schuster, Inc."
}

@book{worldscripture,
	author = "{The International Religious Foundation}",
	editor = "Wilson, Andrew",
	title = "World Scripture: A Comparative Anthology of Sacred Texts",
	year = "1991",
	publisher = "Paragon House Publishers"
}

@book{quran1,
	editor = "Khan, Muhammad Zafrulla",
	title = "The Qur'an",
	year = "1997",
	publisher = "Olive Branch Press"
}

@book{quran2,
	editor = "{Saheeh International}",
	title = "The Qur'an",
	year = "1997",
	publisher = "Abulqasim Publishing House"
}

@book{quran3,
	editor = "Ali, Abdullah Yusuf",
	title = "The Qur'an",
	year = "2001",
	publisher = "Tahrike Tarsile Qur'an, Inc."
}

@book{bible1,
	editor = "{International Bible Society}",
	title = "The Holy Bible --- King James Version",
	year = "1987",
	publisher = "International Bible Society"
}

@book{bible2,
	editor = "{The Zondervan Corporation}",
	title = "The Holy Bible, New International Version",
	year = "2002",
	publisher = "The Zondervan Corporation"
}

@book{bible3,
	editor = "{The Zondervan Corporation}",
	title = "Amplified Bible",
	year = "1987",
	publisher = "The Zondervan Corporation"
}

@book{bible4,
	editor = "{The Zondervan Corporation}",
	title = "The Holy Bible --- Today's New International Version",
	year = "2005",
	publisher = "The Zondervan Corporation"
}

@book{bible5,
	editor = "{Inspired By\ldots}",
	title = "The Bible Experience, The Complete Bible audiobook",
	year = "2007",
	publisher = "The Zondervan Corporation"
}

@book{pkopoeia,
	author = "Pendell, Dale",
	title = "Pharmako/poeia",
	year = "1995",
	publisher = "Mercury House"
}

@book{pdynamis,
	author = "Pendell, Dale",
	title = "Pharmako/dynamis",
	year = "2002",
	publisher = "Mercury House"
}

@book{pgnosis,
	author = "Pendell, Dale",
	title = "Pharmako/gnosis",
	year = "2005",
	publisher = "Mercury House"
}

@book{taopooh,
	author = "Hoff, Benjamin",
	title = "The Tao of Pooh",
	year = "1982",
	publisher = "The Penguin Group"
}

@book{tepiglet,
	author = "Hoff, Benjamin",
	title = "The Te of Piglet",
	year = "1992",
	publisher = "The Penguin Group"
}

@book{devilapoc,
	author = "De Vito, John A.",
	title = "The Devil's Apocrypha",
	year = "2002",
	publisher = "Writer's Club Press"
}
