@article{graves_intercession,
    title   = "Intercession in Late October",
    author  = "Robert Graves",
    journal = "Poetry",
    volume  = "71",
    number  = "1",
    year    = 1947,
    pages   = "23"
}

@book{leaves,
    title     = "Face Down in the Leaves",
    author    = "Dwale",
    publisher = "Weasel Press",
    place     = "Manvel, TX",
    year      = 2019
}

@book{wangwei,
    title     = "Nineteen ways of looking at Wang Wei: (with more ways)",
    author    = "Weinberger, Eliot and Paz, Octavio",
    publisher = "New Directions Paperbook",
    place     = "New York, NY",
    year      = 2016
}

@book{graves_poems,
    title     = "Collected poems, 1965",
    author    = "Robert Graves",
    publisher = "Cassell \& Company Ltd",
    place     = "London, UK",
    year      = 1965
}

@book{emerson,
    title     = "Essays: Second Series",
    author    = "Ralph Waldo Emerson",
    publisher = "Henry Altemus Company",
    place     = "Philadelphia, US",
    year      = 1890
}

@book{keats,
    title     = "Complete Poems and Selected Letters of John Keats",
    author    = "John Keats",
    publisher = "The Modern Library",
    place     = "New York",
    year      = 1820
}


@book{issa,
    title     = "The Autumn Wind: a selection of poems by Issa",
    author    = "Issa, Kobayashi and Mackenzie, Lewis, (Trans.)",
    publisher = "John Murray (Publishers) Ltd",
    place     = "London, UK",
    year      = 1957
}

@book{eigengrau,
    title     = {Eigengrau: Poems 2015--2020},
    author    = "Scott-Clary, Madison",
    publisher = "self published",
    place     = "Everett, WA",
    year      = 2020,
    pages     = {68--71}
}

@book{toledot,
    title     = "Toledot",
    author    = "Scott-Clary, Madison",
    publisher = "self published",
    place     = "Sultan, WA",
    year      = 2022
}

@book{carroll,
    title        = "Through the Looking Glass and What Alice Found There",
    author       = "Carroll, Lewis",
    publisher    = "Project Gutenberg",
    howpublished = {\url{https://www.gutenberg.org/files/12/12-h/12-h.htm}},
    year         = 1871
}

@misc{blackbird,
    title        = "Thirteen Ways of Looking at a Blackbird",
    author       = "Stevens, Wallace",
    howpublished = {\url{https://en.wikisource.org/wiki/Thirteen_Ways_of_Looking_at_a_Blackbird}},
    year         = "1917",
    note         = "Accessed Jan 9, 2022"
}

@misc{pale_she,
    title        = "Pale She",
    author       = "Scott-Clary, Madison",
    howpublished = {\url{https://writing.drab-makyo.com/poetry/pale-she/}},
    year         = "2020",
    note         = "Accessed Jan 10, 2022"
}

@misc{dwale_haiku,
    title        = {\emph{untitled haiku}},
    author       = "Dwale",
    howpublished = {\url{https://twitter.com/ThornAppleCider/status/1009137826250625029}},
    year         = "2018",
    note         = "Accessed Jan 10, 2022"
}

@misc{dwale_leaves_tweet,
    title        = "Tweet on the topic of dead leaves",
    author       = "Dwale",
    howpublished = {\url{https://twitter.com/ThornAppleCider/status/1400884139121840132}},
    year         = 2021,
    note         = "Accessed, Feb 21, 2022"
}

@misc{esch,
    title        = "Winter",
    author       = "Esch, Edward",
    howpublished = {\url{https://ericwhitacre.com/music-catalog/winter}},
    note         = "Accessed Jan 10, 2022"
}

@misc{dwale,
    title        = "Dwale",
    author       = "WikiFur",
    howpublished = {\url{https://en.wikifur.com/wiki/Dwale}},
    note         = "Accessed Jan 11, 2022"
}

@misc{memorial,
    title        = "In Memory of Dwale",
    author       = "Scott-Clary, Madison and others",
    howpublished = {\url{https://forums.furrywritersguild.com/t/in-memory-of-dwale/2359}},
    year         = "2021",
    note         = "Accessed Jan 29, 2022"
}

@misc{grief1,
    title        = "Twitter thread on American grieving",
    author       = "Twitter user @pookleblinky",
    howpublished = {\url{https://twitter.com/pookleblinky/status/1492695182445326338}},
    year         = 2022,
    note         = "Accessed Feb 12, 2022" 
}

@misc{grief2,
    title        = "Twitter thread on African American grieving",
    author       = "Twitter user @Karnythia",
    howpublished = {\url{https://twitter.com/Karnythia/status/1492874765702512643}},
    year         = 2022,
    note         = "Accessed Feb 13, 2022"
}

@misc{grief3,
    title        = "Interview with Stephen Colbert on loss",
    author       = "Cooper, Anderson",
    howpublished = {\url{https://www.youtube.com/watch?v=YB46h1koicQ}},
    year         = 2019,
    note         = "Accessed Feb 13, 2022"
}

@misc{plu,
    title        = "Please look Up",
    author       = "Scott-Clary, Madison",
    howpublished = {\url{https://makyo.ink/please-look-up/}},
    year         = 2021,
    note         = "Accessted Feb 13, 2022"
}

@misc{purcell,
    title        = "The Fairy Queen",
    author       = "Purcell, Henry",
    howpublished = {\url{http://opera.stanford.edu/Purcell/FairyQueen/libretto.html}},
    year         = 1692,
    note         = "Accessed Feb 13, 2022"
}

@misc{behesht,
    title        = "Behesht",
    author       = "Dwale",
    howpublished = {\url{https://www.sofurry.com/view/1317403}},
    year         = 2018,
    note         = "Accessed Feb 20, 2022"
}

@misc{arkie,
    title        = "Arctic fox's den",
    author       = "Scott-Clary, Madison",
    howpublished = {\url{https://makyo.ink/haiku/}},
    year         = 2016,
    note         = "Accessed Feb 20, 2022"
}

@misc{penguins,
    title        = "Penguins",
    author       = "Scott-Clary, Madison",
    howpublished = {\url{https://makyo.ink/penguins/}},
    year         = 2022,
    note         = "Accessed Feb 24, 2022"
}

@misc{kaddish,
    title        = "Symphony No. 3 --- ``Kaddish''",
    author       = "Bernstein, Leonard",
    howpublished = {\url{https://leonardbernstein.com/works/view/48/symphony-no-3-kaddish}},
    year         = 1977,
    note         = "Accessed Feb 24, 2022"
}

@misc{rush,
    title        = "Rush",
    author       = "Scott-Clary, Madison",
    howpublished = {\url{https://makyo.ink/rush}},
    year         = 2019,
    note         = "Accessed Feb 26, 2022"
}

@misc{uvaip,
    title        = "Unimportant Verse About Important People",
    author       = "Scott-Clary, Madison",
    howpublished = {\url{https://writing.drab-makyo.com/poetry/important-people/}},
    year         = 2017,
    note         = "Accessed Feb 26, 2022"
}

@misc{brosh,
    title        = "Interview with Allie Brosh",
    author       = "Gross, Terry",
    howpublished = {\url{https://freshairarchive.org/guests/allie-brosh}},
    year         = 2013,
    note         = "Accessed Feb 26, 2022"
}

%%% Unknown Things

@book{alter,
    title        = "The Hebrew Bible --- The Writings",
    author       = "Alter, Robert (Trans.)",
    publisher    = "W. W. Norton \& Company",
    place        = "New York, NY",
    year         = 2019
}

@book{noab,
    title        = "The New Oxford Annotated Bible with the Apocrypha, Fifth Edition (NRSV)",
    author       = "Coogan, Michael D. (Ed.)",
    publisher    = "Oxford University Press USA",
    place        = "New York, NY",
    year         = 2018,
    annotation   = "Cited as NRSV"
}

@book{ally-making-of,
    title        = "ally from Start to Finish",
    author       = "Scott-Clary, Madison",
    publisher    = "self-published",
    place        = "Everett, WA",
    year         = 2020
}

@book{eigengrau,
    title        = "Eigengrau",
    author       = "Scott-Clary, Madison",
    publisher    = "self-published",
    place        = "Everett, WA",
    year         = 2019
}

@misc{apocrypals,
    title        = "Ep. 101: The Apocrypals Solve Theodicy",
    journal      = "Apocrypals",
    author       = "Cereno, Benito and Sims, Chris",
    howpublished = {\url{https://apocrypals.libsyn.com/101-the-apocrypals-solve-theodicy-the-book-of-job}},
    year         = "2022"
}

@misc{sefaria,
    title        = "The Jewish Bible (JPS)",
    author       = "Sefaria",
    howpublished = {\url{https://www.sefaria.org/}},
    year         = 1985
}

@misc{b4np,
    title        = "Ep. 200: Does the Bible Still Matter?",
    journal      = "The Bible for Normal People",
    author       = "Enns, Pete and Byas, Jared",
    howpublished = {\url{https://peteenns.com/episode-200-pete-enns-jared-byas-does-the-bible-still-matter/}},
    year         = 2022
}

@misc{intro-to-job,
    title        = "Introduction to the Book of Job",
    author       = "Chesterton, G. K.",
    howpublished = {\url{https://www.chesterton.org/introduction-to-job/}},
    year         = 1929
}

% Checking to ensure this is okay
@misc{maconix-bibles,
    title        = "TikTok on Bible translations",
    author       = "Morgan, Mackenzie",
    howpublished = {\url{https://vm.tiktok.com/ZTdbWEMtW/}},
    year         = 2021
}
