@book{alter,
    title        = "The Hebrew Bible --- The Writings",
    author       = "Alter, Robert (Trans.)",
    publisher    = "W. W. Norton \& Company",
    place        = "New York, NY",
    year         = 2019
}

@book{noab,
    title        = "The New Oxford Annotated Bible with the Apocrypha, Fifth Edition (NRSV)",
    author       = "Coogan, Michael D. (Ed.)",
    publisher    = "Oxford University Press USA",
    place        = "New York, NY",
    year         = 2018,
    annotation   = "Cited as NRSV"
}

@book{ally-making-of,
    title        = "ally from Start to Finish",
    author       = "Scott-Clary, Madison",
    publisher    = "self-published",
    place        = "Everett, WA",
    year         = 2020
}

@book{eigengrau,
    title        = "Eigengrau",
    author       = "Scott-Clary, Madison",
    publisher    = "self-published",
    place        = "Everett, WA",
    year         = 2019
}

@misc{apocrypals,
    title        = "Ep. 101: The Apocrypals Solve Theodicy",
    journal      = "Apocrypals",
    author       = "Cereno, Benito and Sims, Chris",
    howpublished = {\url{https://apocrypals.libsyn.com/101-the-apocrypals-solve-theodicy-the-book-of-job}},
    year         = 2022
}

@misc{b4np,
    title        = "Ep. 200: Does the Bible Still Matter?",
    journal      = "The Bible for Normal People",
    author       = "Enns, Pete and Byas, Jared",
    howpublished = {\url{https://peteenns.com/episode-200-pete-enns-jared-byas-does-the-bible-still-matter/}},
    year         = 2022
}

@misc{sefaria,
    title        = "The Jewish Bible (JPS)",
    author       = "Sefaria",
    howpublished = {\url{https://www.sefaria.org/}},
    year         = 1985
}

@misc{intro-to-job,
    title        = "Introduction to the Book of Job",
    author       = "Chesterton, G. K.",
    howpublished = {\url{https://www.chesterton.org/introduction-to-job/}},
    year         = 1929
}
